@article{li2025constant,
  title={Constant Bit-size Transformers Are Turing Complete},
  author={Li, Qian and Wang, Yuyi},
  journal={arXiv preprint arXiv:2506.12027},
  url={https://arxiv.org/abs/2506.12027},
  year={2025}
}